{
  "Returns": [
    {
      "Corp Name": "Candy Corp",
      "ID": 100000,
      "Period Start Date": "2020-01-01T00:00:00",
      "Period End Date": "2020-12-31T00:00:00",
      "Taxable Income": 413224,
      "Salary": NaN,
      "Revenue": 513224.0,
      "Amount Taxable": 78513,
      "Bubblegum Tax": 6281,
      "Confectionary Sales Tax %": 12.74
    },
    {
      "Corp Name": "Gum Co",
      "ID": 100001,
      "Period Start Date": "2022-01-01T00:00:00",
      "Period End Date": "2022-12-31T00:00:00",
      "Taxable Income": 1041579,
      "Salary": 445480.0,
      "Revenue": 2041579.0,
      "Amount Taxable": 120345,
      "Bubblegum Tax": 2548,
      "Confectionary Sales Tax %": 14.38
    },
    {
      "Corp Name": "Sweet Inc",
      "ID": 100002,
      "Period Start Date": "2021-01-01T00:00:00",
      "Period End Date": "2021-12-31T00:00:00",
      "Taxable Income": 1066955,
      "Salary": 492518.0,
      "Revenue": NaN,
      "Amount Taxable": 174598,
      "Bubblegum Tax": 14587,
      "Confectionary Sales Tax %": 9.46
    },
    {
      "Corp Name": "Choco Ltd",
      "ID": 100003,
      "Period Start Date": "2012-01-01T00:00:00",
      "Period End Date": "2012-12-31T00:00:00",
      "Taxable Income": 1460887,
      "Salary": 507124.0,
      "Revenue": 2560887.0,
      "Amount Taxable": 156789,
      "Bubblegum Tax": 65879,
      "Confectionary Sales Tax %": 9.51
    },
    {
      "Corp Name": "Toffee Co",
      "ID": 100004,
      "Period Start Date": "2013-01-02T00:00:00",
      "Period End Date": "2013-12-31T00:00:00",
      "Taxable Income": 629325,
      "Salary": 412568.0,
      "Revenue": 1229325.0,
      "Amount Taxable": 145698,
      "Bubblegum Tax": 321458,
      "Confectionary Sales Tax %": 13.24
    },
    {
      "Corp Name": "Lolly Corp",
      "ID": 100005,
      "Period Start Date": "2010-01-03T00:00:00",
      "Period End Date": "2010-12-31T00:00:00",
      "Taxable Income": 499296,
      "Salary": 421014.0,
      "Revenue": NaN,
      "Amount Taxable": 897456,
      "Bubblegum Tax": 100005,
      "Confectionary Sales Tax %": 8.05
    },
    {
      "Corp Name": "Sugar Co",
      "ID": 100006,
      "Period Start Date": "2007-01-04T00:00:00",
      "Period End Date": "2007-12-31T00:00:00",
      "Taxable Income": 107245,
      "Salary": 88639.0,
      "Revenue": 657245.0,
      "Amount Taxable": 54789,
      "Bubblegum Tax": 36547,
      "Confectionary Sales Tax %": 14.2
    },
    {
      "Corp Name": "Fudge Inc",
      "ID": 100007,
      "Period Start Date": "2008-01-05T00:00:00",
      "Period End Date": "2008-12-31T00:00:00",
      "Taxable Income": 108617,
      "Salary": 11256.0,
      "Revenue": 208617.0,
      "Amount Taxable": 65428,
      "Bubblegum Tax": 245789,
      "Confectionary Sales Tax %": 9.97
    },
    {
      "Corp Name": "Taffy Ltd",
      "ID": 100008,
      "Period Start Date": "2010-01-06T00:00:00",
      "Period End Date": "2010-12-31T00:00:00",
      "Taxable Income": 103495,
      "Salary": NaN,
      "Revenue": 503495.0,
      "Amount Taxable": 65478,
      "Bubblegum Tax": 25478,
      "Confectionary Sales Tax %": 8.51
    },
    {
      "Corp Name": "Treats Co",
      "ID": 100009,
      "Period Start Date": "2001-01-07T00:00:00",
      "Period End Date": "2001-12-31T00:00:00",
      "Taxable Income": 112922,
      "Salary": 4789.0,
      "Revenue": 452922.0,
      "Amount Taxable": 12456,
      "Bubblegum Tax": 14587,
      "Confectionary Sales Tax %": 6.87
    },
    {
      "Corp Name": "Snack Inc",
      "ID": 100010,
      "Period Start Date": "2012-01-08T00:00:00",
      "Period End Date": "2012-12-31T00:00:00",
      "Taxable Income": 321278,
      "Salary": 4587.0,
      "Revenue": 631278.0,
      "Amount Taxable": 36547,
      "Bubblegum Tax": 568794,
      "Confectionary Sales Tax %": 9.74
    },
    {
      "Corp Name": "Minty Co",
      "ID": 100011,
      "Period Start Date": "2019-01-09T00:00:00",
      "Period End Date": "2019-12-31T00:00:00",
      "Taxable Income": 396118,
      "Salary": 32147.0,
      "Revenue": NaN,
      "Amount Taxable": 65478,
      "Bubblegum Tax": 98745,
      "Confectionary Sales Tax %": 12.82
    },
    {
      "Corp Name": "Crispy Corp",
      "ID": 100012,
      "Period Start Date": "2012-01-10T00:00:00",
      "Period End Date": "2012-12-31T00:00:00",
      "Taxable Income": 333369,
      "Salary": 35478.0,
      "Revenue": 587969.0,
      "Amount Taxable": 32589,
      "Bubblegum Tax": 3254,
      "Confectionary Sales Tax %": 13.94
    },
    {
      "Corp Name": "Sweets & Co",
      "ID": 100013,
      "Period Start Date": "2014-01-11T00:00:00",
      "Period End Date": "2014-12-31T00:00:00",
      "Taxable Income": 135914,
      "Salary": NaN,
      "Revenue": 875914.0,
      "Amount Taxable": 56478,
      "Bubblegum Tax": 12,
      "Confectionary Sales Tax %": 5.04
    },
    {
      "Corp Name": "Choco Candy Ltd",
      "ID": 100014,
      "Period Start Date": "2020-01-12T00:00:00",
      "Period End Date": "2020-12-31T00:00:00",
      "Taxable Income": 675392,
      "Salary": 13895.0,
      "Revenue": 695392.0,
      "Amount Taxable": 45789,
      "Bubblegum Tax": 3657,
      "Confectionary Sales Tax %": 7.0
    }
  ],
  "Audit": [
    {
      "ID": "Candy Corp",
      "Audit Name": 100000,
      "Audit Date": "2023-10-14T00:00:00"
    },
    {
      "ID": "Gum Co",
      "Audit Name": 100001,
      "Audit Date": "2024-09-30T00:00:00"
    },
    {
      "ID": "Sweet Inc",
      "Audit Name": 100002,
      "Audit Date": "2022-08-01T00:00:00"
    },
    {
      "ID": "Taffy Ltd",
      "Audit Name": 100008,
      "Audit Date": "2011-12-07T00:00:00"
    },
    {
      "ID": "Treats Co",
      "Audit Name": 100009,
      "Audit Date": "2003-02-23T00:00:00"
    },
    {
      "ID": "Snack Inc",
      "Audit Name": 100010,
      "Audit Date": "2024-09-04T00:00:00"
    },
    {
      "ID": "Minty Co",
      "Audit Name": 100011,
      "Audit Date": "2024-12-15T00:00:00"
    },
    {
      "ID": "Crispy Corp",
      "Audit Name": 100012,
      "Audit Date": "2015-07-21T00:00:00"
    },
    {
      "ID": "Sweets & Co",
      "Audit Name": 100013,
      "Audit Date": "2015-07-21T00:00:00"
    },
    {
      "ID": "Choco Candy Ltd",
      "Audit Name": 100014,
      "Audit Date": "2022-01-12T00:00:00"
    }
  ],
  "Metadata": [
    {
      "Column Name": "Corp Name",
      "Description": "Name of the confectionary company who filed corporate returns."
    },
    {
      "Column Name": "ID",
      "Description": "Unique identifier for each company; used across both data tables for linking."
    },
    {
      "Column Name": "Period Start Date",
      "Description": "Start of the financial reporting period."
    },
    {
      "Column Name": "Period End Date",
      "Description": "End of the financial reporting period."
    },
    {
      "Column Name": "Taxable Income",
      "Description": "Total income subject to taxation before any allocations."
    },
    {
      "Column Name": "Salaries",
      "Description": "Total salaries paid by the company during the reporting period."
    },
    {
      "Column Name": "Gross Revenue",
      "Description": "Total gross revenue generated from all operations before deductions."
    },
    {
      "Column Name": "Amount Taxable",
      "Description": "Portion of income determined to be taxable based on regional sales allocations."
    },
    {
      "Column Name": "Bubblegum Tax",
      "Description": "Declared tax amount from bubblegum product sales."
    },
    {
      "Column Name": "Confectionary Sales Tax %",
      "Description": "% allocated to confectionary sales for tax purposes."
    },
    {
      "Column Name": "Audit Name",
      "Description": "Corporation name as shown in audit records."
    },
    {
      "Column Name": "Audit Date",
      "Description": "Date the company was last audited - used to check recency (3-year rule)."
    }
  ]
}